% Encoding: UTF-8

@Misc{p1,
 title = {Игра "Жизнь" [Электронный ресурс] Википедия — свободная энцциклопедия. Режим доступа: 
 \href{https://ru.wikipedia.org/wiki/Игра «Жизнь»}
 {https://ru.wikipedia.org/wiki/Игра «Жизнь»}.},
 urldate = {2024-02-18}
}

@Misc{p2,
 title = {Эмерджентность [Электронный ресурс] Википедия — свободная энцциклопедия. Режим доступа: 
 \href{https://ru.wikipedia.org/wiki/Эмерджентность}
 {https://ru.wikipedia.org/wiki/Эмерджентность}.},
 urldate = {2024-02-18}
}

@Misc{p3,
 title = {Клеточный автомат [Электронный ресурс] Википедия — свободная энцциклопедия. Режим доступа: \href{https://ru.wikipedia.org/wiki/Клеточный автомат}{https://ru.wikipedia.org/wiki/Клеточный автомат}.},
 urldate = {2024-02-18}
}

@Misc{p4,
 title = {Python [Электронный ресурс] Википедия — свободная энцциклопедия. Режим доступа: 
 \href{https://ru.wikipedia.org/wiki/Python}{https://ru.wikipedia.org/wiki/Python}.},
 urldate = {2024-02-18}
}

@Misc{book1,
 title = {Лутц М. Изучаем Python / пер. с англ. Артеменко Ю.Н. -М: <<Вильямс>>, 2019. — 832.}
}
@Comment{jabref-meta: databaseType:biblatex;}
